@book{kollerfriedman2009probabilistic,
  added-at = {2018-04-06T07:07:25.000+0200},
  author = {Koller, D. and Friedman, N.},
  biburl = {https://www.bibsonomy.org/bibtex/2bfbf27ee9e268b4ad9666fdc925576a2/achakraborty},
  description = {Probabilistic Graphical Models: Principles and Techniques - Daphne Koller, Nir Friedman - Google Books},
  interhash = {0c61213fa4c06778a14fb33e04705fb5},
  intrahash = {bfbf27ee9e268b4ad9666fdc925576a2},
  isbn = {9780262013192},
  keywords = {2009 graph-theory machine-learning mit probability},
  lccn = {2009008615},
  publisher = {MIT Press},
  series = {Adaptive computation and machine learning},
  timestamp = {2018-04-06T07:07:25.000+0200},
  title = {Probabilistic Graphical Models: Principles and Techniques},
  url = {https://books.google.co.in/books?id=7dzpHCHzNQ4C},
  year = 2009
}

@book{kolaczyk2014statistical,
  title={Statistical Analysis of Network Data with R},
  author={Kolaczyk, E.D. and Cs{\'a}rdi, G.},
  isbn={9781493909827},
  lccn={2014936989},
  series={Use R!},
  url={https://books.google.com.br/books?id=ZaR8oAEACAAJ},
  year={2014},
  publisher={Springer New York}
}

